@article{foobar,
  author = {Foo Bar},
  year = {2016}
}

@misc{jsonformat,
  title = {The JSON Data Interchange Syntax},
  url = {http://www.ecma-international.org/publications/files/ECMA-ST/ECMA-404.pdf},
  organization = {ECMA international},
  year = {2017}
}
